<record><leader>00000cas a2200000 a 4500</leader><controlfield tag="001">41055381</controlfield><controlfield tag="008">990328u1907uuuunyuwr ne      0    0ara c</controlfield><datafield ind1=" " ind2=" " tag="010"><subfield code="a">sn2007058031</subfield></datafield><datafield ind1=" " ind2=" " tag="040"><subfield code="a">CGU</subfield><subfield code="b">eng</subfield><subfield code="c">CGU</subfield><subfield code="d">CRL</subfield><subfield code="d">DLC</subfield><subfield code="d">OCLCQ</subfield><subfield code="d">OCLCO</subfield><subfield code="d">OCLCF</subfield></datafield><datafield ind1=" " ind2=" " tag="066"><subfield code="c">(3</subfield></datafield><datafield ind1="1" ind2=" " tag="029"><subfield code="a">AU@</subfield><subfield code="b">000041417485</subfield></datafield><datafield ind1=" " ind2=" " tag="042"><subfield code="a">pcc</subfield></datafield><datafield ind1=" " ind2=" " tag="043"><subfield code="a">n-us-ny</subfield></datafield><datafield ind1="0" ind2="0" tag="050"><subfield code="a">Newspaper</subfield></datafield><datafield ind1="0" ind2="3" tag="245"><subfield code="6">880-01</subfield><subfield code="a">al-Kawn</subfield><subfield code="h">[microform].</subfield></datafield><datafield ind1="1" ind2=" " tag="246"><subfield code="i">Added title:</subfield><subfield code="a">Kown</subfield></datafield><datafield ind1="1" ind2=" " tag="246"><subfield code="i">English title:</subfield><subfield code="a">Universe</subfield></datafield><datafield ind1=" " ind2=" " tag="260"><subfield code="6">880-02</subfield><subfield code="a">Niyu&#772;yu&#772;rk :</subfield><subfield code="b">Naji&#772;b S&#803;awa&#772;ya&#772;, &#699;Uthma&#772;n Naf&#699;i&#772; Ad&#697;ham, H&#803;a&#772;fiz&#803; &#699;Abd al-Malik [proprietors &amp; editors],</subfield><subfield code="c">1907-</subfield></datafield><datafield ind1=" " ind2=" " tag="310"><subfield code="a">Weekly</subfield></datafield><datafield ind1="0" ind2=" " tag="362"><subfield code="a">Vol. 1, no. 1 (1907)-</subfield></datafield><datafield ind1=" " ind2=" " tag="500"><subfield code="a">Missing issue: No. 33.</subfield></datafield><datafield ind1=" " ind2=" " tag="500"><subfield code="6">880-03</subfield><subfield code="a">&quot;Jari&#772;dah siya&#772;si&#772;yah ijtima&#772;&#699;i&#772;yah tija&#772;ri&#772;yah adabi&#772;yah intiqa&#772;di&#772;yah.&quot;</subfield></datafield><datafield ind1=" " ind2=" " tag="530"><subfield code="a">Also issued on microfilm from the Library of Congress, Photoduplication Service.</subfield></datafield><datafield ind1=" " ind2="0" tag="650"><subfield code="a">Arabs</subfield><subfield code="z">New York (State)</subfield><subfield code="v">Newspapers.</subfield></datafield><datafield ind1=" " ind2="7" tag="655"><subfield code="a">Newspapers.</subfield><subfield code="2">fast</subfield><subfield code="0">(OCoLC)fst01423814</subfield></datafield><datafield ind1=" " ind2="7" tag="650"><subfield code="a">Arabs.</subfield><subfield code="2">fast</subfield><subfield code="0">(OCoLC)fst00812576</subfield></datafield><datafield ind1=" " ind2="7" tag="651"><subfield code="a">New York (State)</subfield><subfield code="2">fast</subfield><subfield code="0">(OCoLC)fst01210280</subfield></datafield><datafield ind1=" " ind2=" " tag="752"><subfield code="a">United States</subfield><subfield code="b">New York</subfield><subfield code="c">New York</subfield><subfield code="d">New York.</subfield></datafield><datafield ind1="0" ind2="2" tag="880"><subfield code="6">245-01/(3/r</subfield><subfield code="a">&#1575;&#1604;&#1603;&#1608;&#1606;</subfield><subfield code="h">[microform].</subfield></datafield><datafield ind1=" " ind2=" " tag="880"><subfield code="6">260-02/(3/r</subfield><subfield code="a">&#1606;&#1610;&#1608;&#1610;&#1608;&#1585;&#1603; :</subfield><subfield code="b">&#1606;&#1580;&#1610;&#1576; &#1589;&#1608;&#1575;&#1610;&#1575;&#1548; &#1593;&#1579;&#1605;&#1575;&#1606; &#1606;&#1601;&#1593;&#1610; &#1571;&#1583;&#1607;&#1605;&#1548; &#1581;&#1575;&#1601;&#1592; &#1593;&#1576;&#1583; &#1575;&#1604;&#1605;&#1604;&#1603; [proprietors &amp; editors]&#1548;</subfield><subfield code="c">1907-</subfield></datafield><datafield ind1=" " ind2=" " tag="880"><subfield code="6">500-03/(3/r</subfield><subfield code="a">&quot;&#1580;&#1585;&#1610;&#1583;&#1577; &#1587;&#1610;&#1575;&#1587;&#1610;&#1577; &#1575;&#1580;&#1578;&#1605;&#1575;&#1593;&#1610;&#1577; &#1578;&#1580;&#1575;&#1585;&#1610;&#1577; &#1575;&#1583;&#1576;&#1610;&#1577; &#1575;&#1606;&#1578;&#1602;&#1575;&#1583;&#1610;&#1577;.&quot;</subfield></datafield></record>